@article{hatcher2002algebraic,
  title={Algebraic topology},
  author={Hatcher, Allen},
  journal={Cambridge UP, Cambridge},
  volume={606},
  number={9},
  year={2002}
}

@book{rolfsen2003knots,
	title={Knots and links},
	author={Rolfsen, Dale},
	volume={346},
	year={2003},
	publisher={American Mathematical Soc.}
}

@article{krushkal2015slicing,
	title={``{S}licing'' the {H}opf link},
	author={Krushkal, Vyacheslav},
	journal={Geometry \& Topology},
	volume={19},
	number={3},
	pages={1657--1683},
	year={2015},
	publisher={Mathematical Sciences Publishers}
}

@book{fomenko2016homotopical,
	title={Homotopical topology},
	author={Fomenko, Anatolij Timofeevi{\v{c}} and Fuks, Dmitrij Borisovi{\v{c}}},
	volume={273},
	year={2016},
	publisher={Springer}
}

@misc{SineCurve,
  title = {Topology: Locally Connected and Locally Path-Connected Spaces},
  howpublished = {\url{https://mathstrek.blog/2013/03/10/topology-locally-connected-and-locally-path-connected-spaces/}},
  note = {Accessed: 2018-09-13}
}

@book{janich2013topologie,
  title={Topologie},
  author={J{\"a}nich, Klaus},
  year={2013},
  publisher={Springer-Verlag}
}
